
    @BOOK{thurlow2004computer,
        author =       "Crispin THURLOW and Alice TOMIC and Laura B LENGEL",
        title =        "Computer mediated communication: social interaction and the {I}nternet",
        publisher =    "SAGE Publications",
        year =         "2004",
        isbn =         "0-7619-4954-2",
    }

    @ARTICLE{bordia1997face,
        author =       "Prashant BORDIA",
        title =        "Face-to-face versus computer-mediated communication: {A} synthesis of the experimental literature",
        journal =      "The Journal of Business Communication",
        volume =       "34",
        number =       "1",
        pages =        "99--118",
        year =         "1997",
    }

    @ARTICLE{december1997notes,
        author =       "John DECEMBER",
        title =        "Notes on defining of computer-mediated communication",
        journal =      "Computer-Mediated Communication Magazine",
        volume =       "4",
        number =       "1",
        year =         "1997",
        url =          "http://www.december.com/cmc/mag/1997/jan/december.html",
        note =         "[online]. [rev.~1997-01-01] [cit.~2012-04-20].",
        issn =         "1076-027X"
    }

    @BOOK{crystal2001language,
        author =       "David CRYSTAL",
        title =        "Language and the {I}nternet",
        publisher =    "Cambridge University Press",
        year =         "2001",
        isbn =         "978-0521802123",
    }

    @MASTERSTHESIS{rulik2006computer,
        author =       "František RULÍK",
        title =        "Computer-Mediated Communication: Discourse Analysis of Synchronous Chatgroups",
        school =       "Masarykova Univerzita, Filozofická fakulta",
        year =         "2006",
    }

    @MASTERSTHESIS{latif2007adoption,
        author =       "Tariq LATIF and Kranthi Kumar MALKAJGIRI",
        title =        "{A}doption of {V}o{IP}",
        school =       "Lule{\aa} tekniska universitet",
        year =         "2007",
    }

    @ARTICLE{grudin1994groupware,
        author =       "Johnatan GRUDIN",
        title =        "Groupware and social dynamics: eight challenges for developers",
        journal =      "Commun. ACM",
        volume =       "37",
        number =       "1",
        year =         "1994",
        issn =         "0001-0782"
    }

    @ARTICLE{ellis1991groupware,
        author =       "Clarence A. ELLIS and Simon John D. GIBBS and Gail REIN",
        title =        "Groupware: some issues and experiences",
        journal =      "Commun. ACM",
        volume =       "34",
        number =       "1",
        year =         "1991",
        issn =         "0001-0782"
    }

    @BOOK{kunstova1999skupinova,
        author =       "Renata KUNSTOVÁ",
        title =        "Skupinová spolupráce, správa a řízení oběhu dokumentů",
        publisher =    "Vysoká škola ekonomická v Praze",
        year =         "1999",
        isbn =         "80-7079-647-2",
    }

    @ARTICLE{oikarinen2011founding,
        author =       "Jarkko OIKARINEN",
        title =        "{F}ounding {IRC}",
        journal =      "mIRC",
        year =         "2011",
        url =          "http://www.mirc.com/jarkko.html",
        note =         "[online]. [rev.~2011-04-27] [cit.~2012-04-21].",
    }

    @ARTICLE{oikarinen2011internet,
        author =       "Jarkko OIKARINEN and Darren REED",
        title =        "{I}nternet {R}elay {C}hat {P}rotocol",
        journal =      "IETF",
        volume =       "RFC 1459",
        year =         "1993",
        url =          "https://tools.ietf.org/html/rfc1459",
        note =         "[online]. [cit.~2012-04-21].",
    }

    @ARTICLE{saintandre2004xmppcore,
        author =       "Peter SAINT-ANDRE",
        title =        "{E}xtensible {M}essaging and {P}resence {P}rotocol ({XMPP}): {C}ore",
        journal =      "IETF",
        volume =       "RFC 3920",
        year =         "2004",
        url =          "https://tools.ietf.org/html/rfc3920",
        note =         "[online]. [cit.~2012-04-21].",
    }

    @ARTICLE{saintandre2004xmppim,
        author =       "Peter SAINT-ANDRE",
        title =        "{E}xtensible {M}essaging and {P}resence {P}rotocol ({XMPP}): {I}nstant {M}essaging and {P}resence",
        journal =      "IETF",
        volume =       "RFC 3921",
        year =         "2004",
        url =          "https://tools.ietf.org/html/rfc3921",
        note =         "[online]. [cit.~2012-04-21].",
    }

